<?xml version="1.0" encoding="UTF-8"?><collection xmlns="http://www.loc.gov/MARC21/slim"><record><leader>00380nam--2200121-i-4500</leader><controlfield tag="001">000034402</controlfield><controlfield tag="002">20161230</controlfield><controlfield tag="005">20161230201040</controlfield><controlfield tag="008">060222s1000------------r-----000-0-eng-d</controlfield><datafield ind1=" " ind2=" " tag="245"><subfield code="a">Symposium on radiobiology.the basic aspects of radiation effects on living systems.oberlin college 1950</subfield></datafield><datafield ind1=" " ind2=" " tag="260"><subfield code="a">New York, Wiley, 1952. Xii+465p. Cu Fig</subfield></datafield><datafield ind1=" " ind2=" " tag="700"><subfield code="a">Nickson, James J</subfield></datafield><datafield ind1=" " ind2=" " tag="852"><subfield code="a">10843</subfield></datafield></record></collection>